@incollection{kademlia,
  title={Kademlia: A peer-to-peer information system based on the xor metric},
  author={Maymounkov, Petar and Mazieres, David},
  booktitle={Peer-to-Peer Systems},
  pages={53--65},
  year={2002},
  publisher={Springer}
}

@article{wifi,
  title={Usage patterns in an urban WiFi network},
  author={Afanasyev, Mikhail and Chen, Tsuwei and Voelker, Geoffrey M and 
Snoeren, Alex C},
  journal={Networking, IEEE/ACM Transactions on},
  volume={18},
  number={5},
  pages={1359--1372},
  year={2010},
  publisher={IEEE}
}